% This file was created with Citavi 6.19.2.1

@misc{Abele.2012,
 abstract = {Bestehende technische Einzell{\"o}sungen reizen das Potenzial zur Senkung des Energieverbrauchs in Fabriken nicht aus. Systemorientierte L{\"o}sungsans{\"a}tze, angefangen von der Produktionstechnik bis hin zur Geb{\"a}udetechnik, bieten hier ein enormes Potenzial, wobei eine Interaktion bisher kaum betrachtet wurde. Ein entsprechender Ansatz durch die thermodynamische Betrachtung von Energien und deren Umwandlungen f{\"u}hrt zu der Notwendigkeit, neue Methoden zu entwickeln, woraus entsprechende Handlungsfelder abgeleitet werden.},
 author = {Abele, Eberhard and Beckmann, Bastian},
 year = {2012},
 title = {Energieeffizienzsteigerung von fabriken: Durch erweiterung des bilanzraums und eine optimierte ausnutzung der arbeitsf{\"a}higkeit von energie},
 volume = {107},
 number = {4},
 journal = {Zeitschrift f{\"u}r wirtschaftlichen Fabrikbetrieb},
 file = {10.3139{\_}104.110747:Attachments/10.3139{\_}104.110747.pdf:application/pdf}
}


@misc{AGEB.2024,
 author = {AGEB},
 editor = {AGEB},
 year = {2024},
 title = {Energieverbrauch f{\"u}r W{\"a}rmezwecke in Deutschland nach Sektoren im Jahr 2023 (in Petajoule) [Graph]},
 url = {https://de.statista.com/statistik/daten/studie/614202/umfrage/waermeverbrauch-in-deutschland-nach-sektoren/},
 address = {Statista},
 file = {AGEB 2024 - Energieverbrauch f{\"u}r W{\"a}rmezwecke in Deutschland:Attachments/AGEB 2024 - Energieverbrauch f{\"u}r W{\"a}rmezwecke in Deutschland.pdf:application/pdf}
}


@book{Ahrendts.2014,
 author = {Ahrendts, Joachim and Kabelac, Stephan},
 year = {2014},
 title = {Das Ingenieurwissen: Technische Thermodynamik},
 publisher = {Springer},
 isbn = {3642411207},
 file = {978-3-642-41120-5:Attachments/978-3-642-41120-5.pdf:application/pdf}
}


@book{Baehr.1966,
 author = {Baehr, Hans Dieter and Kabelac, Stephan},
 year = {1966},
 title = {Thermodynamik},
 volume = {12},
 publisher = {Springer},
 file = {978-3-662-49568-1 (1):Attachments/978-3-662-49568-1 (1).pdf:application/pdf}
}


@misc{DIN18599.2018,
 year = {2018},
 title = {DIN V 18599-1:2018-09, Energetische Bewertung von Geb{\"a}uden -- Berechnung des Nutz-, End- und Prim{\"a}renergiebedarfs f{\"u}r Heizung, K{\"u}hlung, L{\"u}ftung, Trinkwarmwasser und Beleuchtung -- Teil 1: Allgemeine Bilanzierungsverfahren, Begriffe, Zonierung und Bewertung der Energietr{\"a}ger},
 urldate = {02.01.2025},
 volume = {ICS 91.120.10; 91.140.01},
 author = {{Deutsches Institut f{\"u}r Normung e. V.}},
 file = {fulltext293515783:Attachments/fulltext293515783.pdf:application/pdf}
}


@misc{DIN50001.2018,
 year = {2018},
 title = {DIN EN ISO 50001:2018-12, Energiemanagementsysteme -- Anforderungen mit Anleitung zur Anwendung (ISO 50001:2018); Deutsche Fassung EN ISO 50001:2018},
 volume = {ICS 03.100.70; 27.015},
 author = {{Deutsches Institut f{\"u}r Normung e. V.}},
 file = {DIN EN ISO50001(2018):Attachments/DIN EN ISO50001(2018).PDF:application/pdf}
}


@misc{DIN50006.2024,
 year = {2024},
 title = {E DIN ISO 50006:2024-07 Energiemanagementsysteme - Bewertung der Energieleistung anhand von Energieleistungskennzahlen und energetischen Ausgangsbasen (ISO 50006:2023); Text Deutsch und Englisch},
 urldate = {02.01.2025},
 volume = {ICS 03.100.70; 27.015},
 author = {{Deutsches Institut f{\"u}r Normung e. V.}},
 doi = {10.31030/3543690},
 file = {fulltext380315446:Attachments/fulltext380315446.pdf:application/pdf}
}


@incollection{Engelmann.2015,
 abstract = {Ein Energiedatenmanagement beschreibt den Umgang mit Energiedaten~-- von der Datenerfassung bis hin zur Analyse und Auswertung. So schlicht die Beschreibung ist, so gro{\ss} sind doch die Missverst{\"a}ndnisse und so verschieden die Interpretationen.},
 author = {Engelmann, Dirk},
 title = {Energiedatenmanagement},
 urldate = {31.12.2024},
 pages = {285--320},
 publisher = {{Springer Fachmedien Wiesbaden}},
 isbn = {978-3-658-02834-3},
 booktitle = {Energiemanagement: F{\"u}r Fachkr{\"a}fte, Beauftragte und Manager},
 year = {2015},
 address = {Wiesbaden},
 doi = {10.1007/978-3-658-02834-3{\textunderscore }5},
 file = {978-3-658-02834-3 (1):Attachments/978-3-658-02834-3 (1).pdf:application/pdf}
}


@article{Fichera.2020,
 abstract = {The International Standards ISO 50001 and ISO 50006 can be easily transferred to organizations, which outputs consist of tangible products. However, it is equally important to build an energy management system tailored to public organizations, whose outputs are often immaterial goods and in which buildings highly affect the overall energy performances. Commonly, energy performances of buildings are assessed by comparison with sector-based benchmarks, whilst monitoring and control practises are often overlooked. Under these premises, this paper aims at proposing a common framework for an energy management system tailored to public organizations in which buildings play a pivotal role in targeting energy performance improvement. The proposed energy management system also relies on the effective exploitation of monitoring and control tools to promptly identify deviations from the expected energy performance values and to evaluate improvements over time.},
 author = {{Alberto Fichera} and {Rosaria Volpe} and {Emanuele Cutore}},
 year = {2020},
 title = {Energy performance measurement, monitoring and control for buildings of public organizations: Standardized practises compliant with the ISO 50001 and ISO 50006},
 url = {https://www.sciencedirect.com/science/article/pii/S266616592030020X},
 volume = {4},
 issn = {26661659},
 journal = {Developments in the Built Environment},
 doi = {10.1016/j.dibe.2020.100024},
 file = {1-s2.0-S266616592030020X-main (1):Attachments/1-s2.0-S266616592030020X-main (1).pdf:application/pdf;S266616592030020X:Attachments/S266616592030020X.bib:application/octet-stream}
}


@book{Fink.1997,
 author = {Fink, S. and Ga{\ss}ner, M. and G{\"u}nther-Pomhoff, C. and Schaefer, H. and M{\"u}nzer, T.},
 year = {1997},
 title = {Leitfaden f{\"u}r das betriebliche Energiemanagement},
 url = {https://www.yumpu.com/de/document/read/10679612/leitfaden-fur-das-betriebliche-energiemanagement},
 address = {Berlin},
 publisher = {Umweltbundesamt}
}


@article{Hall.2014,
 abstract = {An einem kleinen, gut ged{\"a}mmten Mehrfamilienhaus mit Elektromobilit{\"a}t und einer gro{\ss}en Photovoltaikanlage wird untersucht, welche Verbraucher sich f{\"u}r die Steigerung des Eigenverbrauchs eignen. Das detaillierte Monitoring weist aus, dass hierzu die W{\"a}rmepumpe der gr{\"o}{\ss}te geeignete Einzelverbraucher ist. Mit der Limitierung der Laufzeit der W{\"a}rmepumpe auf die Tagesstunden kann gezeigt werden, dass die Gleichzeitigkeit von Elektrizit{\"a}tsbezug und Photovoltaikertrag erh{\"o}ht und damit nicht nur die Netzbelastung reduziert, sondern auch die Einspeisespitze zur Mittagszeit gegl{\"a}ttet werden. Der thermische Komfort wird dabei nicht beeinflusst. F{\"u}r die Gesamtbilanzierung des Geb{\"a}udes wird anhand der Messdaten die Eigendeckungs-- und Eigenverbrauchsrate detailliert betrachtet. Verschiedene Bilanzzeitr{\"a}ume und Bilanzierungszeitschritte werden gegen{\"u}bergestellt. Je k{\"u}rzer der Bilanzzeitraum und die Zeitschritte gew{\"a}hlt werden, desto geringer sind die Eigendeckungs-- und Eigenverbrauchsraten. Dies ist ein wichtiger Aspekt bei der Diskussion {\"u}ber die Anforderungen an die Gleichzeitigkeit in Geb{\"a}udestandards und normativen Berechnungsvorschriften der Gesamtenergiebilanzierung von Geb{\"a}uden.

Optimization of self--consumption, self--cover rate and net interaction of an apartment building with electromobility. Based on a small, well insulated multi--family dwelling with included e--car and large PV installation the load with the highest potential for increasing self--consumption is evaluated. The monitoring shows that the heat pump has the highest potential for increasing self--consumption. The run--time schedule of the heat pump is limited to daytime hours as a proof of concept. This increases the self--consumption and decreases the net interaction and also shaves the peak electricity export at noon. The thermal comfort does not decrease, hereby. The self--consumption rate and self--cover rate both depend on the balancing time period and the time--step chosen. This is an important aspect in regard to defining self--consumption requirements for building labels or energy codes.},
 author = {Hall, Monika and Dorusch, Falk and Geissler, Achim},
 year = {2014},
 title = {Optimierung des Eigenverbrauchs, der Eigendeckungsrate und der Netzbelastung von einem Mehrfamiliengeb{\"a}ude mit Elektromobilit{\"a}t},
 pages = {117--129},
 volume = {36},
 number = {3},
 issn = {0171-5445},
 journal = {Bauphysik},
 file = {Bauphysik - 2014 - Hall - Optimierung des Eigenverbrauchs  der Eigendeckungsrate und der Netzbelastung von einem:Attachments/Bauphysik - 2014 - Hall - Optimierung des Eigenverbrauchs  der Eigendeckungsrate und der Netzbelastung von einem.pdf:application/pdf}
}


@article{Hohnhold.2013,
 abstract = {Economics: 330},
 author = {Hohnhold and Kai},
 year = {2013},
 title = {Steigerung der Energieeffizienz durch Energiemanagement: Ausgestaltungs- und Anwendungsm{\"o}glichkeiten in der Praxis},
 url = {https://hdl.handle.net/10419/88105},
 file = {772085021:Attachments/772085021.pdf:application/pdf}
}


@book{InternationalOrganizationforStandardization.2011,
 author = {International Organization for Standardization},
 year = {2011},
 title = {Win the Energy Challenge with ISO 50001},
 address = {Geneva, Switzerland},
 publisher = {{ISO Central Secretariat}}
}


@article{InternationalOrganizationforStandardization.2023,
 author = {{International Organization for Standardization}},
 year = {2023},
 title = {ISO Survey 2023},
 url = {https://www.iso.org/the-iso-survey.html},
 file = {ISO-CASCO{\_}0. Information on the ISO Survey 2023 results:Attachments/ISO-CASCO{\_}0. Information on the ISO Survey 2023 results.pdf:application/pdf;ISO-CASCO{\_}1. ISO Survey 2023 results - number of certificates and sites per country and the number of sectors overall (1):Attachments/ISO-CASCO{\_}1. ISO Survey 2023 results - number of certificates and sites per country and the number of sectors overall (1).xlsx:application/vnd.openxmlformats-officedocument.spreadsheetml.sheet}
}


@book{Konstantin.2023,
 author = {Konstantin, Panos and Konstantin, Margarete},
 year = {2023},
 title = {Praxisbuch Energiewirtschaft: Energieumwandlung, -Transport und -beschaffung, {\"U}bertragungsnetzausbau und Kernenergieausstieg},
 keywords = {Energy;Energy Policy Economics;Energy Systems;Management;Sustainability Management},
 address = {Berlin, Heidelberg},
 edition = {5. Aufl. 2023},
 publisher = {{Springer Berlin / Heidelberg}},
 isbn = {9783662673348},
 file = {Praxisbuch{\_}Energiewirtschaft{\_}Energieumwandlung{\_}-Tr...{\_}-{\_}(2.{\_}Physikalisch-Technisches{\_}Basiswissen):Attachments/Praxisbuch{\_}Energiewirtschaft{\_}Energieumwandlung{\_}-Tr...{\_}-{\_}(2.{\_}Physikalisch-Technisches{\_}Basiswissen).pdf:application/pdf;Praxisbuch{\_}Energiewirtschaft{\_}Energieumwandlung{\_}-Tr...{\_}-{\_}(3.{\_}Kraftwerke{\_}Technologien{\_}und{\_}Kosten):Attachments/Praxisbuch{\_}Energiewirtschaft{\_}Energieumwandlung{\_}-Tr...{\_}-{\_}(3.{\_}Kraftwerke{\_}Technologien{\_}und{\_}Kosten).pdf:application/pdf}
}


@article{Marimon.2017,
 abstract = {Purpose: The main aim of this paper is to analyze the relationships between the corporate motivations that lead organizations to establish the ISO 50001 Energy Management System (EnMS) standard, and the difficulties and benefits derived from its adoption. Design/methodology/approach: Three independent exploratory factor analyses (EFA) were conducted in order to identify (i) sources of motivation: social requirements, ecology drivers, and competitive advantage; (ii) the difficulties of an ISO 50001 adoption: operational difficulties and organizational difficulty; and (iii) types of benefits: ecological benefits and operational benefits. In a second step, an exploratory path analysis, performed through Structural Equation Modeling (SEM), was used to analyze the relations among motivation, difficulties, and benefits related to the adoption of the ISO 50001 standard. Findings: Social requirements explain operational difficulties, which in turn impacts on operational benefits. Ecology drivers are directly related to ecological benefits. Organizational difficulties have an inverse relationship with operational and ecological benefits. Operational difficulties are related to operational benefits and ecological benefits. Research limitations/implications: The questionnaire was disseminated to 87 Spanish companies with ISO 50001 certification. Managers and other practitioners such as consultants, auditing companies, and official organizations in charge of developing standards might find useful implications. Originality/value: The standard was published in 2011 by the International Organization for Standardization (ISO). This paper contributes to assessment of the benefits of the standard by collecting information directly from the pioneer organizations that have adopted it, and provides clues on how to implement the standard and improve it in future.},
 author = {Marimon, Frederic and Casades{\'u}s, Mart{\'i}},
 year = {2017},
 title = {Reasons to Adopt ISO 50001 Energy Management System},
 keywords = {benefits;difficulties;Energy Management System;ISO 50001;motivations;sustainability},
 pages = {1740},
 volume = {9},
 number = {10},
 journal = {Sustainability},
 doi = {10.3390/su9101740},
 file = {sustainability-09-01740 (1):Attachments/sustainability-09-01740 (1).pdf:application/pdf}
}


@article{Miller.2016,
 abstract = {In den Debatten um Nachhaltigkeit, Klimawandel und der effizienten Nutzung von Ressourcen werden die Begriffe Energieeffizienz, rationelle Energieanwendung und Ressourceneffizienz h{\"a}ufig verwendet. Dahinter verbergen sich oft uneinheitliche Bewertungskonzepte, die vielfach nicht transparent dargestellt und erl{\"a}utert werden. Vor diesem Hintergrund ist der Kern dieses Beitrags die Identifikation methodischer Unterscheidungsmerkmale zur systematischen Einordung der drei Bewertungskonzepte.},
 author = {Miller, Michael and Bubeck, Steffen and Hufendiek, Kai},
 year = {2016},
 title = {Zur Methodik von Effizienzbewertungen im energiewirtschaftlichen Kontext},
 pages = {105--125},
 volume = {40},
 number = {3},
 issn = {1866-2765},
 journal = {Zeitschrift f{\"u}r Energiewirtschaft},
 doi = {10.1007/s12398-016-0180-9},
 file = {s12398-016-0180-9:Attachments/s12398-016-0180-9.pdf:application/pdf}
}


@book{Musall.2015,
 author = {Musall, Eike},
 year = {2015},
 title = {Klimaneutrale Geb{\"a}ude: internationale Konzepte, Umsetzungsstrategien und Bewertungsverfahren f{\"u}r Null-und Plusenergiegeb{\"a}ude},
 url = {urn:nbn:de:hbz:468-20160205-115728-8},
 publisher = {{Universit{\"a}t Wuppertal}},
 file = {Klimaneutrale Geb{\"a}ude:Attachments/Klimaneutrale Geb{\"a}ude.pdf:application/pdf}
}


@book{Posch.2011,
 author = {Posch, Wolfgang},
 year = {2011},
 title = {Ganzheitliches Energiemanagement F{\"u}r Industriebetriebe},
 url = {http://ebookcentral.proquest.com/lib/fraunhoferde/detail.action?docID=752943},
 keywords = {Energy conservation -- Germany},
 address = {Wiesbaden, GERMANY},
 publisher = {{Springer Gabler. in Springer Fachmedien Wiesbaden GmbH}},
 isbn = {9783834966452},
 file = {Ganzheitliches{\_}Energiemanagement{\_}F{\"u}r{\_}Industriebetr...{\_}-{\_}(3{\_}Energiewirtschaftliches{\_}Umfeld):Attachments/Ganzheitliches{\_}Energiemanagement{\_}F{\"u}r{\_}Industriebetr...{\_}-{\_}(3{\_}Energiewirtschaftliches{\_}Umfeld).pdf:application/pdf}
}


@article{Rathgeber.2018,
 abstract = {Abstract Latentw{\"a}rmespeicher stellen nutzbare thermische Energie mit hoher Speicherdichte zur Verf{\"u}gung. F{\"u}r Anwendungen bis ca. 100 °C bieten sich als Speichermaterialien Salzhydrate an. Es wurde ein Latentw{\"a}rmespeicher mit eingetauchtem Kapillarrohrw{\"a}rme{\"u}bertrager entwickelt, um Salzhydrate langzeitstabil verwenden zu k{\"o}nnen. Dieses Konzept wurde zur Unterst{\"u}tzung der trockenen R{\"u}ckk{\"u}hlung von Sorptionsk{\"a}lteanlagen in solaren Klimatisierungssystemen sowie zur Geb{\"a}udek{\"u}hlung {\"u}ber Fl{\"a}chenk{\"u}hlsysteme eingesetzt. Derzeit werden neue Salzhydratmischungen f{\"u}r weitere energierelevante Anwendungen untersucht.},
 author = {Rathgeber, Christoph and Helm, Martin and Hiebler, Stefan},
 year = {2018},
 title = {Energiespeicher f{\"u}r die Energiewende: Salzhydratbasierte Niedertemperatur-Latentw{\"a}rmespeicher},
 keywords = {Energieeffizienz;Energiespeicher;Energy efficiency;Energy storage;Latent heat storage;Latentw{\"a}rmespeicher;Phase change materials;Phasenwechselmaterialien;Salt hydrates;Salzhydrate},
 pages = {193--200},
 volume = {90},
 number = {1-2},
 journal = {Chemie Ingenieur Technik},
 doi = {10.1002/cite.201700049},
 file = {Chemie Ingenieur Technik - 2017 - Rathgeber - Energy Storage for the Energy Transition  Salt Hydrate Based Low-Temperature:Attachments/Chemie Ingenieur Technik - 2017 - Rathgeber - Energy Storage for the Energy Transition  Salt Hydrate Based Low-Temperature.pdf:application/pdf}
}


@book{Rönsch.2015,
 abstract = {Dieses Lehrbuch beschreibt ausf{\"u}hrlich das Vorgehen und die Methodik von Anlagenbilanzierungen in der Energietechnik. Studenten und Ingenieuren wird damit ein umfangreiches R{\"u}stzeug zur Planung und Optimierung der Anlagen an die Hand gegeben. Neben Grundgleichungen, Modellierungsans{\"a}tzen und numerischen Methoden wird die stoffliche und energetische Bilanzierung anhand einer Vielzahl von Beispielrechnungen ausgef{\"u}hrt. Das Buch spannt dabei einen Bogen von der Funktionsweise der Komponenten {\"u}ber die Grundlagen der Thermodynamik, Reaktionsrechnung, Phasengleichgewichtsrechnung und Stoffwertberech},
 author = {R{\"o}nsch, Stefan},
 year = {2015},
 title = {Anlagenbilanzierung in der Energietechnik: Grundlagen, Gleichungen und Modelle fr die Ingenieurpraxis},
 url = {https://link.springer.com/book/10.1007/978-3-658-07824-9},
 keywords = {Electronic books;Thermodynamics},
 address = {Dordrecht},
 publisher = {Springer},
 isbn = {9783658078232},
 file = {978-3-658-07824-9:Attachments/978-3-658-07824-9.pdf:application/pdf}
}


@inproceedings{Szajdzicki.2017,
 abstract = {ISO 50001 deals with Energy Management Systems, a branch or form of overall management. Like all management systems, it needs the correct inputs; without these, the system cannot generate the correct OUTPUTS and thus ensure that the right decisions are made. If a financial management system cannot operate without detailed accounting for income {\&} expenditure, how can an Energy Management System operate without the necessary metering {\&} monitoring ? ISO 50001 is based on the well-known {\textquotedbl}Plan --- Do --- Check --- Act{\textquotedbl} principle. Applying it to any organisation needs effective management and measurement; and careful planning to ensure a successful implementation. The presentation briefly looks at two aspects of ISO 50001; on the initial implementation of a successful system and on ensuring that the input into the ISO system is valid data --- focussing predominantly on electricity metering: SMART in this context is an acronym related to the planning process rather than the highly misused adjective applied to almost any computerised system. The author has over 35 years' experience in Energy Management, particularly in metering. He is a member of the European Committee that wrote EN 16001, and of ISO TC301 --- responsible for the ISO 5000x series of standards; also of IEC ACEE.},
 author = {Szajdzicki, Kris},
 title = {Measuring {\&} maintaining energy efficiency: SMART approach to implementing ISO 50001},
 keywords = {Energy consumption;Energy management;Energy measurement;Environmental management;ISO Standards;Monitoring},
 pages = {1--5},
 booktitle = {2017 IEEE International Conference on Environment and Electrical Engineering and 2017 IEEE Industrial and Commercial Power Systems Europe (EEEIC / I{\&}CPS Europe)},
 year = {2017},
 doi = {10.1109/EEEIC.2017.7977657},
 file = {Measuring{\_}amp{\_}maintaining{\_}energy{\_}efficiency{\_}SMART{\_}approach{\_}to{\_}implementing{\_}ISO{\_}50001:Attachments/Measuring{\_}amp{\_}maintaining{\_}energy{\_}efficiency{\_}SMART{\_}approach{\_}to{\_}implementing{\_}ISO{\_}50001.pdf:application/pdf}
}


